@book{Garey:1990,
    author={Garey, Michael R. and Johnson, David S.},
    title={Computers and Intractability; A Guide to the Theory of {NP}-Completeness},
    year={1990},
    isbn={0716710455},
    publisher={W. H. Freeman \& Co.},
    address={New York, NY, USA},
}

@incollection{Eblen:2011,
    year={2011},
    isbn={978-3-642-21259-8},
    booktitle={Bioinformatics Research and Applications},
    volume={6674},
    series={Lecture Notes in Computer Science},
    editor={Chen, Jianer and Wang, Jianxin and Zelikovsky, Alexander},
    doi={10.1007/978-3-642-21260-4_30},
    title={The Maximum Clique Enumeration Problem: Algorithms, Applications and Implementations},
    url={http://dx.doi.org/10.1007/978-3-642-21260-4_30},
    publisher={Springer Berlin Heidelberg},
    address={Berlin, Heidelberg},
    keywords={maximum clique enumeration; maximal clique; gene expression analysis; software tools and applications},
    author={Eblen, John D. and Phillips, Charles A. and Rogers, Gary L. and Langston, Michael A.},
    pages={306-319}
}

@article{Butenko:2006,
    author={Butenko, Sergiy and Wilhelm, Wilbert E.},
    title={Clique-detection models in computational biochemistry and genomics},
    journal={European Journal of Operational Research},
    volume={173},
    number={1},
    pages={1--17},
    year={2006},
    doi={10.1016/j.ejor.2005.05.026},
}

@article{Bomze:1999,
    author={Bomze, Immanuel M. and Budinich, Marco and Pardalos, Panos M. and Pelillo, Marcello},
    title={The maximum clique problem},
    journal={Handbook of Combinatorial Optimization (Supplement Volume A)},
    volume={4},
    pages={1--74},
    editor={Du, D.-Z. and Pardalos, Panos M.},
    publisher={Kluwer Academic Publishers},
    city={Boston, MA},
    year={1999},
    url={http://citeseerx.ist.psu.edu/viewdoc/summary?doi=10.1.1.56.6221},
}

@article{Tomita:2007,
    title={An efficient branch-and-bound algorithm for finding a maximum clique with computational experiments},
    author={Tomita, E. and Kameda, T.},
    journal={Journal of Global Optimization},
    volume={37},
    number={1},
    pages={95--111},
    year={2007},
    publisher={Springer}
}

@incollection{Tomita:2010,
    year={2010},
    isbn={978-3-642-11439-7},
    booktitle={WALCOM: Algorithms and Computation},
    volume={5942},
    series={Lecture Notes in Computer Science},
    editor={Rahman, Md.Saidur and Fujita, Satoshi},
    doi={10.1007/978-3-642-11440-3_18},
    title={A Simple and Faster Branch-and-Bound Algorithm for Finding a Maximum Clique},
    url={http://dx.doi.org/10.1007/978-3-642-11440-3_18},
    publisher={Springer Berlin Heidelberg},
    address={Berlin, Heidelberg},
    author={Tomita, Etsuji and Sutani, Yoichi and Higashi, Takanori and Takahashi, Shinya and Wakatsuki, Mitsuo},
    pages={191-203}
}

@article{SanSegundo:2011,
    author={San Segundo, Pablo and Rodr\'{\i}guez-Losada, Diego and Jim{\'e}nez, Agust\'{\i}n},
    title={An exact bit-parallel algorithm for the maximum clique problem},
    journal={Comput. Oper. Res.},
    issue_date={February, 2011},
    volume={38},
    number={2},
    month = feb,
    year={2011},
    issn={0305-0548},
    pages={571--581},
    url={http://dx.doi.org/10.1016/j.cor.2010.07.019},
    doi={10.1016/j.cor.2010.07.019},
    acmid={1860369},
    publisher={Elsevier Science Ltd.},
    address={Oxford, UK, UK},
}

@article{SanSegundo:2013,
    year={2013},
    issn={1862-4472},
    journal={Optimization Letters},
    volume={7},
    number={3},
    doi={10.1007/s11590-011-0431-y},
    title={An improved bit parallel exact maximum clique algorithm},
    url={http://dx.doi.org/10.1007/s11590-011-0431-y},
    publisher={Springer-Verlag},
    address={Berlin, Heidelberg},
    keywords={Maximum clique; Branch and bound; Exact search; Graph},
    author={San Segundo, Pablo and Matia, Fernando and Rodriguez-Losada, Diego and Hernando, Miguel},
    pages={467-479},
    language={English}
}

@article{Prosser:2012,
    author={Prosser, Patrick},
    title={Exact algorithms for maximum clique: a computational study},
    journal={Algorithms},
    volume={5},
    year={2012},
    number={4},
    pages={545--587},
    url={http://www.mdpi.com/1999-4893/5/4/545},
    issn={1999-4893},
    doi={10.3390/a5040545}
}

@article{Depolli:2013,
    author = {Depolli, Matja\v{z} and Konc, Janez and Rozman, Kati and Trobec, Roman and Jane\v{z}i\v{c}, Du\v{s}anka},
    title = {Exact Parallel Maximum Clique Algorithm for General and Protein Graphs},
    journal = {Journal of Chemical Information and Modeling},
    volume = {53},
    number = {9},
    pages = {2217-2228},
    year = {2013},
    doi = {10.1021/ci4002525},
    URL = {http://pubs.acs.org/doi/abs/10.1021/ci4002525},
    eprint = {http://pubs.acs.org/doi/pdf/10.1021/ci4002525}
}

@inproceedings{Cheeseman:1991,
    author = {Cheeseman, Peter and Kanefsky, Bob and Taylor, William M.},
    title = {Where the really hard problems are},
    booktitle = {Proceedings of the 12th international joint conference on Artificial intelligence - Volume 1},
    series = {IJCAI'91},
    year = {1991},
    isbn = {1-55860-160-0},
    location = {Sydney, New South Wales, Australia},
    pages = {331--337},
    url = {http://dl.acm.org/citation.cfm?id=1631171.1631221},
    acmid = {1631221},
    publisher = {Morgan Kaufmann Publishers Inc.},
    address = {San Francisco, CA, USA},
}

@article{Lai:1984,
    title={Anomalies in parallel branch-and-bound algorithms},
    author={Lai, Ten-Hwang and Sahni, Sartaj},
    journal={Communications of the ACM},
    volume={27},
    number={6},
    pages={594--602},
    year={1984},
    publisher={ACM}
}

@incollection{Sanders:1995,
    year={1995},
    isbn={978-3-540-60321-4},
    booktitle={Parallel Algorithms for Irregularly Structured Problems},
    volume={980},
    series={Lecture Notes in Computer Science},
    editor={Ferreira, Afonso and Rolim, José},
    doi={10.1007/3-540-60321-2_27},
    title={Better algorithms for parallel backtracking},
    url={http://dx.doi.org/10.1007/3-540-60321-2_27},
    publisher={Springer Berlin Heidelberg},
    address={Berlin, Heidelberg},
    keywords={Analysis of randomized algorithms; depth first search; distributed memory; divide and conquer; load balancing; parallel backtracking},
    author={Sanders, Peter},
    pages={333-347}
}

@incollection{deBruin:1995,
    year={1995},
    isbn={978-3-540-60321-4},
    booktitle={Parallel Algorithms for Irregularly Structured Problems},
    volume={980},
    series={Lecture Notes in Computer Science},
    editor={Ferreira, Afonso and Rolim, José},
    doi={10.1007/3-540-60321-2_29},
    title={Asynchronous parallel branch and bound and anomalies},
    url={http://dx.doi.org/10.1007/3-540-60321-2_29},
    publisher={Springer Berlin Heidelberg},
    address={Berlin, Heidelberg},
    author={de Bruin, A. and Kindervater, G.A.P. and Trienekens, H.W.J.M.},
    pages={363-377}
}

@article{Li:1985,
    author={Li, Guo-Jie and Wah, B.},
    journal={Computers, IEEE Transactions on},
    title={Coping with Anomalies in Parallel Branch-and-Bound Algorithms},
    year={1986},
    volume={C-35},
    number={6},
    pages={568-573},
    keywords={Algorithm design and analysis;Design methodology;Dynamic programming;Parallel algorithms;Parallel processing;Partitioning algorithms;Polynomials;Prediction algorithms;Process design;Search problems;Anomalies;approximation;branch-and-bound algorithms;heuristic search;lower-bound test;parallel processing},
    doi={10.1109/TC.1986.5009434},
    ISSN={0018-9340}
}

@inproceedings{Korf:1996,
    author    = {Richard E. Korf},
    title     = {Improved Limited Discrepancy Search.},
    booktitle = {AAAI/IAAI, Vol. 1},
    year      = {1996},
    pages     = {286-291},
    ee        = {http://www.aaai.org/Library/AAAI/1996/aaai96-043.php},
    publisher = {AAAI Press},
    address = {Palo Alto, CA, USA}
}

@article{Prosser:2011,
    title={Limited discrepancy search revisited},
    author={Prosser, Patrick and Unsworth, Chris},
    journal={Journal of Experimental Algorithmics (JEA)},
    volume={16},
    pages={1--6},
    year={2011},
    publisher={ACM}
}

@inproceedings{Harvey:1995,
    author    = {William D. Harvey and Matthew L. Ginsberg},
    title     = {Limited Discrepancy Search},
    booktitle = {IJCAI (1)},
    year      = {1995},
    pages     = {607-615},
    bibsource = {DBLP, http://dblp.uni-trier.de},
    publisher = {Morgan Kaufmann},
    address = {San Francisco, CA, USA}
}

@inproceedings{Walsh:1997,
  author    = {Toby Walsh},
  title     = {Depth-bounded Discrepancy Search},
  booktitle = {IJCAI},
  year      = {1997},
  pages     = {1388-1395},
  bibsource = {DBLP, http://dblp.uni-trier.de},
  publisher = {Morgan Kaufmann},
  address = {San Francisco, CA, USA}
}

@article{Batsyn:2013,
    year={2014},
    issn={1382-6905},
    journal={Journal of Combinatorial Optimization},
    volume={27},
    number={2},
    doi={10.1007/s10878-012-9592-6},
    title={Improvements to MCS algorithm for the maximum clique problem},
    url={http://dx.doi.org/10.1007/s10878-012-9592-6},
    publisher={Springer US},
    keywords={Maximum clique problem; Branch-and-bound algorithm; Heuristic solution; Graph colouring},
    author={Batsyn, Mikhail and Goldengorin, Boris and Maslov, Evgeny and Pardalos, PanosM.},
    pages={397-416},
    language={English}
}

@incollection{Maslov:2013,
    year={2013},
    isbn={978-1-4614-8587-2},
    booktitle={Models, Algorithms, and Technologies for Network Analysis},
    volume={59},
    series={Springer Proceedings in Mathematics \& Statistics},
    editor={Goldengorin, Boris I. and Kalyagin, Valery A. and Pardalos, Panos M.},
    doi={10.1007/978-1-4614-8588-9_7},
    title={Speeding up {MCS} Algorithm for the Maximum Clique Problem with {ILS} Heuristic and Other Enhancements},
    url={http://dx.doi.org/10.1007/978-1-4614-8588-9_7},
    publisher={Springer New York},
    address={New York, NY, USA},
    keywords={Maximum clique problem; MCS branch-and-bound algorithm; ILS heuristic; Graph coloring},
    author={Maslov, Evgeny and Batsyn, Mikhail and Pardalos, Panos M.},
    pages={93-99},
    language={English}
}

@incollection{Moisan:2013,
    year={2013},
    isbn={978-3-642-40626-3},
    booktitle={Principles and Practice of Constraint Programming},
    volume={8124},
    series={Lecture Notes in Computer Science},
    editor={Schulte, Christian},
    doi={10.1007/978-3-642-40627-0_6},
    title={Parallel Discrepancy-Based Search},
    url={http://dx.doi.org/10.1007/978-3-642-40627-0_6},
    publisher={Springer Berlin Heidelberg},
    address={Berlin, Heidelberg},
    author={Moisan, Thierry and Gaudreault, Jonathan and Quimper, Claude-Guy},
    pages={30-46}
}

@PhdThesis{Trienekens:1990,
    title={Parallel Branch and Bound Algorithms},
    author={Harry W.J.M. Trienekens},
    school={Erasmus University Rotterdam},
    year={1990}
}

@incollection{Regin:2013,
    year={2013},
    isbn={978-3-642-40626-3},
    booktitle={Principles and Practice of Constraint Programming},
    volume={8124},
    series={Lecture Notes in Computer Science},
    editor={Schulte, Christian},
    doi={10.1007/978-3-642-40627-0_45},
    title={Embarrassingly Parallel Search},
    url={http://dx.doi.org/10.1007/978-3-642-40627-0_45},
    publisher={Springer Berlin Heidelberg},
    address={Berlin, Heidelberg},
    author={R\'{e}gin, Jean-Charles and Rezgui, Mohamed and Malapert, Arnaud},
    pages={596-610}
}

@incollection{Bader:2005,
    year={2005},
    isbn={978-0-387-22826-6},
    booktitle={Tutorials on Emerging Methodologies and Applications in Operations Research},
    volume={76},
    series={International Series in Operations Research \& Management Science},
    editor={G, HJ.},
    doi={10.1007/0-387-22827-6_5},
    title={Parallel Algorithm Design for Branch and Bound},
    url={http://dx.doi.org/10.1007/0-387-22827-6_5},
    publisher={Springer New York},
    address={New York, NY, USA},
    keywords={parallel algorithms; optimization; branch and bound; distributed memory; shared memory; grid computing},
    author={Bader, David A. and Hart, William E. and Phillips, Cynthia A.},
    pages={5-1-5-44}
}

@inbook{Crainic:2006,
    title = {Parallel Branch-and-Bound Algorithms},
    author = {Crainic, Teodor Gabriel and Le Cun, Bertrand and Roucairol, Catherine},
    publisher = {John Wiley \& Sons, Inc.},
    address = {Hoboken, NJ, USA},
    isbn = {9780470053928},
    url = {http://dx.doi.org/10.1002/9780470053928.ch1},
    doi = {10.1002/9780470053928.ch1},
    pages = {1--28},
    keywords = {parallel branch-and-bound algorithms, critical B\&B tree and speedup anomalies, quadratic assignment problem (QAP)},
    booktitle = {Parallel Combinatorial Optimization},
    year = {2006},
}

@inbook{Balas:1996,
    title={Finding large cliques in arbitrary graphs by bipartite matching},
    author={Balas, Egon and Niehaus, William},
    journal={{DIMACS} series in discrete mathematics and theoretical computer science},
    volume={26},
    pages={29--52},
    year={1996}
}

@article{Regula:2013,
    title={Formation Control of Quadrotor Helicopters with Guaranteed Collision Avoidance via Safe Path},
    author={Regula, Gergely and Lantos, B{\'e}la},
    journal={Electrical Engineering and Computer Science},
    volume={56},
    number={4},
    pages={113--124},
    year={2013}
}

@article{Pullan:2011,
    title={Cooperating local search for the maximum clique problem},
    author={Pullan, Wayne and Mascia, Franco and Brunato, Mauro},
    journal={Journal of heuristics},
    volume={17},
    number={2},
    pages={181--199},
    year={2011},
    publisher={Springer}
}

@ARTICLE{Hamadi:2009,
    author = {Youssef Hamadi and Said Jabbour and Lakhdar Sais},
    title = {{ManySAT}: a parallel {SAT} solver},
    journal = {Journal on Satisfiability, Boolean Modeling and Computation (JSAT)},
    year = {2009},
    volume = {6},
    pages={245--262}
}

@article{Michel:2009,
    author = {Michel, Laurent and See, Andrew and Van Hentenryck, Pascal},
    title = {Transparent Parallelization of Constraint Programming},
    journal = {INFORMS Journal on Computing},
    volume = {21},
    number = {3},
    pages = {363-382},
    year = {2009},
    doi = {10.1287/ijoc.1080.0313},
    URL = {http://pubsonline.informs.org/doi/abs/10.1287/ijoc.1080.0313},
    eprint = {http://pubsonline.informs.org/doi/pdf/10.1287/ijoc.1080.0313}
}

@article{Sutter:2005,
    author={Sutter, Herb},
    citeulike-article-id={970541},
    journal={Dr. Dobb's Journal},
    keywords={bibtex-import},
    number={3},
    posted-at={2006-12-01 16:12:35},
    priority={0},
    title={The Free Lunch Is Over: A Fundamental Turn Toward Concurrency in Software},
    volume={30},
    year={2005}
}

@inproceedings{Gomes:1998,
    author = {Gomes, Carla P. and Selman, Bart and Kautz, Henry},
    title = {Boosting Combinatorial Search Through Randomization},
    booktitle = {Proceedings of the Fifteenth National/Tenth Conference on Artificial Intelligence/Innovative Applications of Artificial Intelligence},
    series = {AAAI '98/IAAI '98},
    year = {1998},
    isbn = {0-262-51098-7},
    location = {Madison, Wisconsin, USA},
    pages = {431--437},
    url = {http://dl.acm.org/citation.cfm?id=295240.295710},
    acmid = {295710},
    publisher = {American Association for Artificial Intelligence},
    address = {Palo Alto, CA, USA},
}

@article{Lewandowski:1996,
    author = {Gary Lewandowski and Anne Condon},
    title = {Experiments with parallel graph coloring heuristics and applications of graph coloring},
    year = {1996},
    pages = {309--334},
    journal={{DIMACS} series in discrete mathematics and theoretical computer science},
    volume={26}
}

@article{Clearwater:1991,
    author = {Clearwater, Scott H. and Huberman, Bernardo A. and Hogg, Tad},
    title = {Cooperative Solution of Constraint Satisfaction Problems},
    volume = {254},
    number = {5035},
    pages = {1181-1183},
    year = {1991},
    doi = {10.1126/science.254.5035.1181},
    URL = {http://www.sciencemag.org/content/254/5035/1181.abstract},
    eprint = {http://www.sciencemag.org/content/254/5035/1181.full.pdf},
    journal = {Science}
}

@incollection{Regin:2003,
    year={2003},
    isbn={978-3-540-20202-8},
    booktitle={Principles and Practice of Constraint Programming – {CP} 2003},
    volume={2833},
    series={Lecture Notes in Computer Science},
    editor={Rossi, Francesca},
    doi={10.1007/978-3-540-45193-8_43},
    title={Using Constraint Programming to Solve the Maximum Clique Problem},
    url={http://dx.doi.org/10.1007/978-3-540-45193-8_43},
    publisher={Springer Berlin Heidelberg},
    address={Berlin, Heidelberg},
    author={R{\'e}gin, Jean-Charles},
    pages={634-648}
}

@inproceedings{Li:2011,
    author = {Li, Chu-Min and Zhu, Zhu and Many\`{a}, Felip and Simon, Laurent},
    title = {Minimum Satisfiability and Its Applications},
    booktitle = {Proceedings of the Twenty-Second International Joint Conference on Artificial Intelligence - Volume Volume One},
    series = {IJCAI'11},
    year = {2011},
    isbn = {978-1-57735-513-7},
    location = {Barcelona, Catalonia, Spain},
    pages = {605--610},
    url = {http://dx.doi.org/10.5591/978-1-57735-516-8/IJCAI11-108},
    doi = {10.5591/978-1-57735-516-8/IJCAI11-108},
    acmid = {2283495},
    publisher = {AAAI Press},
    address = {Palo Alto, CA, USA}
}

@inproceedings{Xiang:2013,
    author={Jingen Xiang and Cong Guo and Aboulnaga, A.},
    booktitle={Data Engineering (ICDE), 2013 IEEE 29th International Conference on},
    title={Scalable maximum clique computation using MapReduce},
    year={2013},
    pages={74-85},
    keywords={fault tolerant computing;message passing;tree searching;MPI algorithm;MapReduce framework;branch and bound method;fault-tolerant solution;load imbalance;maximum clique problem;partitioning methods;recursive partitioning method;scalable maximum clique computation},
    doi={10.1109/ICDE.2013.6544815},
    ISSN={1063-6382}
}

@article{McCreesh:2012,
    author    = {Ciaran McCreesh and Patrick Prosser},
    title     = {Distributing an Exact Algorithm for Maximum Clique: maximising the costup},
    journal   = {CoRR},
    volume    = {abs/1209.4560},
    year      = {2012},
    ee        = {http://arxiv.org/abs/1209.4560},
    bibsource = {DBLP, http://dblp.uni-trier.de}
}

@inproceedings{Pardalos:1998,
    author = {Panos M. Pardalos and Jonas Rappe and Mauricio and Mauricio G.C. Resende},
    title = {An Exact Parallel Algorithm For The Maximum Clique Problem},
    booktitle = {In High Performance and Software in Nonlinear Optimization},
    year = {1998},
    pages = {279--300},
    publisher = {Kluwer Academic Publishers},
    address = {Dordrecht, the Netherlands}
}

@article{Luce:1950,
    year={1950},
    issn={0033-3123},
    journal={Psychometrika},
    volume={15},
    number={2},
    doi={10.1007/BF02289199},
    title={Connectivity and generalized cliques in sociometric group structure},
    publisher={Springer-Verlag},
    author={Luce, R.Duncan},
    pages={169-190},
    language={English}
}

@article{Bourjolly:2002,
    title = "An exact algorithm for the maximum k-club problem in an undirected graph ",
    journal = "European Journal of Operational Research ",
    volume = "138",
    number = "1",
    pages = "21 - 28",
    year = "2002",
    note = "",
    issn = "0377-2217",
    doi = "http://dx.doi.org/10.1016/S0377-2217(01)00133-3",
    url = "http://www.sciencedirect.com/science/article/pii/S0377221701001333",
    author = "Jean-Marie Bourjolly and Gilbert Laporte and Gilles Pesant"
}

@article{Mokken:1979,
    year={1979},
    issn={0033-5177},
    journal={Quality and Quantity},
    volume={13},
    number={2},
    doi={10.1007/BF00139635},
    title={Cliques, clubs and clans},
    publisher={Kluwer Academic Publishers},
    author={Mokken, RobertJ.},
    pages={161-173},
    language={English}
}

@incollection{Shahinpour:2013,
    year={2013},
    isbn={978-1-4614-8587-2},
    booktitle={Models, Algorithms, and Technologies for Network Analysis},
    volume={59},
    series={Springer Proceedings in Mathematics \& Statistics},
    editor={Goldengorin, Boris I. and Kalyagin, Valery A. and Pardalos, Panos M.},
    doi={10.1007/978-1-4614-8588-9_10},
    title={Distance-Based Clique Relaxations in Networks: s-Clique and s-Club},
    publisher={Springer New York},
    keywords={Clique relaxations; s-Clique; s-Club; Maximum clique},
    author={Shahinpour, Shahram and Butenko, Sergiy},
    pages={149-174},
    language={English}
}

@article{Floyd:1962,
    author = {Floyd, Robert W.},
    title = {Algorithm 97: Shortest path},
    journal = {Commun. ACM},
    issue_date = {June 1962},
    volume = {5},
    number = {6},
    month = jun,
    year = {1962},
    issn = {0001-0782},
    pages = {345--},
    url = {http://doi.acm.org/10.1145/367766.368168},
    doi = {10.1145/367766.368168},
    acmid = {368168},
    publisher = {ACM},
    address = {New York, NY, USA},
}

@article{Balasundaram:2005,
    year={2005},
    issn={1382-6905},
    journal={Journal of Combinatorial Optimization},
    volume={10},
    number={1},
    doi={10.1007/s10878-005-1857-x},
    title={Novel Approaches for Analyzing Biological Networks},
    url={http://dx.doi.org/10.1007/s10878-005-1857-x},
    publisher={Kluwer Academic Publishers},
    keywords={n-cliques; n-clubs; clique relaxations; social networks; biological networks},
    author={Balasundaram, Balabhaskar and Butenko, Sergiy and Trukhanov, Svyatoslav},
    pages={23-39},
    language={English}
}

@inproceedings{Yannakakis:1978,
    author = {Yannakakis, Mihalis},
    title = {Node-and edge-deletion {NP}-complete problems},
    booktitle = {Proceedings of the tenth annual ACM symposium on Theory of computing},
    series = {STOC '78},
    year = {1978},
    location = {San Diego, California, USA},
    pages = {253--264},
    numpages = {12},
    url = {http://doi.acm.org/10.1145/800133.804355},
    doi = {10.1145/800133.804355},
    acmid = {804355},
    publisher = {ACM},
    address = {New York, NY, USA},
    keywords = {Approximation, Computational complexity, Edge-deletion, Graph, Graph-property, Hereditary, Maximum subgraph, NP-complete, Node-deletion, Polynomial hierarchy},
}

@article{Mahdavi:2012,
    title = "On inclusionwise maximal and maximum cardinality k-clubs in graphs ",
    journal = "Discrete Optimization ",
    volume = "9",
    number = "2",
    pages = "84 - 97",
    year = "2012",
    note = "",
    issn = "1572-5286",
    doi = "http://dx.doi.org/10.1016/j.disopt.2012.02.002",
    url = "http://www.sciencedirect.com/science/article/pii/S1572528612000163",
    author = "F. {Mahdavi Pajouh} and B. Balasundaram",
    keywords = "Clique",
    keywords = "k -club",
    keywords = "Exact combinatorial algorithms",
    keywords = "Graph-based data mining",
    keywords = "Social network analysis "
}

@Article{Eblen:2012,
    AUTHOR = {Eblen, John and Phillips, Charles and Rogers, Gary and Langston, Michael},
    TITLE = {The maximum clique enumeration problem: algorithms, applications, and implementations},
    JOURNAL = {BMC Bioinformatics},
    VOLUME = {13},
    YEAR = {2012},
    NUMBER = {Suppl 10},
    PAGES = {S5},
    URL = {http://www.biomedcentral.com/1471-2105/13/S10/S5},
    DOI = {10.1186/1471-2105-13-S10-S5},
    PubMedID = {22759429},
    ISSN = {1471-2105}
}

@article{BioGRID:2005,
    author = {Stark, Chris and Breitkreutz, Bobby-Joe and Reguly, Teresa and Boucher, Lorrie and Breitkreutz, Ashton and Tyers, Mike}, 
    title = {BioGRID: a general repository for interaction datasets},
    volume = {34}, 
    number = {suppl 1}, 
    pages = {D535-D539}, 
    year = {2006}, 
    doi = {10.1093/nar/gkj109}, 
    URL = {http://nar.oxfordjournals.org/content/34/suppl_1/D535.abstract}, 
    eprint = {http://nar.oxfordjournals.org/content/34/suppl_1/D535.full.pdf+html}, 
    journal = {Nucleic Acids Research}
}

@book{Bollobas:2001,
    title={Random Graphs},
    author={Bollob{\'a}s, B.},
    isbn={9780521797221},
    lccn={00068952},
    series={Cambridge Studies in Advanced Mathematics},
    url={http://books.google.co.uk/books?id=o9WecWgilzYC},
    year={2001},
    publisher={Cambridge University Press}
}

@article{Chung:2001,
    title = "The Diameter of Sparse Random Graphs ",
    journal = "Advances in Applied Mathematics ",
    volume = "26",
    number = "4",
    pages = "257 - 279",
    year = "2001",
    note = "",
    issn = "0196-8858",
    doi = "http://dx.doi.org/10.1006/aama.2001.0720",
    url = "http://www.sciencedirect.com/science/article/pii/S0196885801907201",
    author = "Fan Chung and Linyuan Lu"
}

@incollection{Abello:2002,
    year={2002},
    isbn={978-3-540-43400-9},
    booktitle={LATIN 2002: Theoretical Informatics},
    volume={2286},
    series={Lecture Notes in Computer Science},
    editor={Rajsbaum, Sergio},
    doi={10.1007/3-540-45995-2_51},
    title={Massive Quasi-Clique Detection},
    url={http://dx.doi.org/10.1007/3-540-45995-2_51},
    publisher={Springer Berlin Heidelberg},
    author={Abello, James and Resende, Mauricio G.C. and Sudarsky, Sandra},
    pages={598-612},
    language={English}
}

@article{Chang:2013,
    year={2013},
    issn={0010-485X},
    journal={Computing},
    volume={95},
    number={9},
    doi={10.1007/s00607-012-0263-3},
    title={Finding large k-clubs in undirected graphs},
    url={http://dx.doi.org/10.1007/s00607-012-0263-3},
    publisher={Springer Vienna},
    keywords={Branch and bound; $$k$$ -Club; $$k$$ -Neighborhood; 05C85; 68R10; 90B10},
    author={Chang, Maw-Shang and Hung, Ling-Ju and Lin, Chih-Ren and Su, Ping-Chen},
    pages={739-758},
    language={English}
}

@article{Bourjolly:2000,
    title = "Heuristics for finding k-clubs in an undirected graph",
    journal = "Computers \& Operations Research",
    volume = "27",
    number = "6",
    pages = "559 - 569",
    year = "2000",
    note = "",
    issn = "0305-0548",
    doi = "http://dx.doi.org/10.1016/S0305-0548(99)00047-7",
    url = "http://www.sciencedirect.com/science/article/pii/S0305054899000477",
    author = "Jean-Marie Bourjolly and Gilbert Laporte and Gilles Pesant",
    keywords = "<span style='font-style: italic'>k</span>-clubs",
    keywords = "<span style='font-style: italic'>k</span>-cliques",
    keywords = "Heuristics "
}

@incollection{Hartung:2012,
    year={2012},
    isbn={978-3-642-33292-0},
    booktitle={Parameterized and Exact Computation},
    volume={7535},
    series={Lecture Notes in Computer Science},
    editor={Thilikos, DimitriosM. and Woeginger, GerhardJ.},
    doi={10.1007/978-3-642-33293-7_22},
    title={Parameterized Algorithmics and Computational Experiments for Finding 2-Clubs},
    url={http://dx.doi.org/10.1007/978-3-642-33293-7_22},
    publisher={Springer Berlin Heidelberg},
    author={Hartung, Sepp and Komusiewicz, Christian and Nichterlein, André},
    pages={231-241}
}

@ARTICLE{Wotzlaw:2014,
    author = {{Wotzlaw}, A.},
    title = "{On Solving the Maximum $k$-club Problem}",
    journal = {ArXiv e-prints},
    archivePrefix = "arXiv",
    eprint = {1403.5111},
    primaryClass = "cs.DS",
    keywords = {Computer Science - Data Structures and Algorithms, Computer Science - Logic in Computer Science},
    year = 2014,
    month = mar,
    adsurl = {http://adsabs.harvard.edu/abs/2014arXiv1403.5111W},
    adsnote = {Provided by the SAO/NASA Astrophysics Data System}
}

@article{DBLP:journals/topc/McCreeshP15,
  author    = {Ciaran McCreesh and
               Patrick Prosser},
  title     = {The Shape of the Search Tree for the Maximum Clique Problem and the
               Implications for Parallel Branch and Bound},
  journal   = {{TOPC}},
  volume    = {2},
  number    = {1},
  pages     = {8},
  year      = {2015},
  url       = {http://doi.acm.org/10.1145/2742359},
  doi       = {10.1145/2742359},
  timestamp = {Tue, 11 Aug 2015 01:00:00 +0200},
  biburl    = {http://dblp.uni-trier.de/rec/bib/journals/topc/McCreeshP15},
  bibsource = {dblp computer science bibliography, http://dblp.org}
}

@article{DBLP:journals/jcisd/DepolliKRTJ13,
  author    = {Matjaz Depolli and
               Janez Konc and
               Kati Rozman and
               Roman Trobec and
               Dusanka Janezic},
  title     = {Exact Parallel Maximum Clique Algorithm for General and Protein Graphs},
  journal   = {Journal of Chemical Information and Modeling},
  volume    = {53},
  number    = {9},
  pages     = {2217--2228},
  year      = {2013},
  url       = {http://dx.doi.org/10.1021/ci4002525},
  doi       = {10.1021/ci4002525},
  timestamp = {Thu, 13 Feb 2014 17:40:31 +0100},
  biburl    = {http://dblp.uni-trier.de/rec/bib/journals/jcisd/DepolliKRTJ13},
  bibsource = {dblp computer science bibliography, http://dblp.org}
}

@article{DBLP:journals/cor/SegundoLP16,
    author    = {Pablo San Segundo and
        Alvaro Lopez and
            Panos M. Pardalos},
    title     = {A new exact maximum clique algorithm for large and massive sparse
        graphs},
    journal   = {Computers {\&} {OR}},
    volume    = {66},
    pages     = {81--94},
    year      = {2016},
    url       = {http://dx.doi.org/10.1016/j.cor.2015.07.013},
    doi       = {10.1016/j.cor.2015.07.013},
    timestamp = {Fri, 11 Dec 2015 11:06:11 +0100},
    biburl    = {http://dblp.uni-trier.de/rec/bib/journals/cor/SegundoLP16},
    bibsource = {dblp computer science bibliography, http://dblp.org}
}

@article{DBLP:journals/algorithms/McCreeshP13,
  author    = {Ciaran McCreesh and
               Patrick Prosser},
  title     = {Multi-Threading a State-of-the-Art Maximum Clique Algorithm},
  journal   = {Algorithms},
  volume    = {6},
  number    = {4},
  pages     = {618--635},
  year      = {2013},
  url       = {http://dx.doi.org/10.3390/a6040618},
  doi       = {10.3390/a6040618},
  timestamp = {Tue, 22 Oct 2013 14:55:24 +0200},
  biburl    = {http://dblp.uni-trier.de/rec/bib/journals/algorithms/McCreeshP13},
  bibsource = {dblp computer science bibliography, http://dblp.org}
}

@inproceedings{DBLP:conf/cp/ChuSS09,
  author    = {Geoffrey Chu and
               Christian Schulte and
               Peter J. Stuckey},
  title     = {Confidence-Based Work Stealing in Parallel Constraint Programming},
  booktitle = {Principles and Practice of Constraint Programming - {CP} 2009, 15th
               International Conference, {CP} 2009, Lisbon, Portugal, September 20-24,
               2009, Proceedings},
  pages     = {226--241},
  year      = {2009},
  crossref  = {DBLP:conf/cp/2009},
  url       = {http://dx.doi.org/10.1007/978-3-642-04244-7_20},
  doi       = {10.1007/978-3-642-04244-7_20},
  timestamp = {Thu, 01 Oct 2009 15:24:27 +0200},
  biburl    = {http://dblp.uni-trier.de/rec/bib/conf/cp/ChuSS09},
  bibsource = {dblp computer science bibliography, http://dblp.org}
}

@proceedings{DBLP:conf/cp/2009,
  editor    = {Ian P. Gent},
  title     = {Principles and Practice of Constraint Programming - {CP} 2009, 15th
               International Conference, {CP} 2009, Lisbon, Portugal, September 20-24,
               2009, Proceedings},
  series    = {Lecture Notes in Computer Science},
  volume    = {5732},
  publisher = {Springer},
  year      = {2009},
  url       = {http://dx.doi.org/10.1007/978-3-642-04244-7},
  doi       = {10.1007/978-3-642-04244-7},
  isbn      = {978-3-642-04243-0},
  timestamp = {Thu, 01 Oct 2009 15:23:37 +0200},
  biburl    = {http://dblp.uni-trier.de/rec/bib/conf/cp/2009},
  bibsource = {dblp computer science bibliography, http://dblp.org}
}

@MastersThesis{Picker:2015,
    title={Algorithms and Experiments for Finding Robust 2-Clubs},
    author={Marten Picker},
    school={Technische Universit\"at Berlin},
    year={2015}
}

@Article{Carvalho:2016,
    author="Carvalho, Filipa D.
        and Almeida, Maria Teresa",
    title="The triangle k-club problem",
    journal="Journal of Combinatorial Optimization",
    year="2016",
    pages="1--33",
    issn="1573-2886",
    doi="10.1007/s10878-016-0009-9",
    url="http://dx.doi.org/10.1007/s10878-016-0009-9"
}

@inproceedings{DBLP:conf/lion/SegundoLB14,
  author    = {Pablo San Segundo and
               Alvaro Lopez and
               Mikhail Batsyn},
  title     = {Initial Sorting of Vertices in the Maximum Clique Problem Reviewed},
  booktitle = {Learning and Intelligent Optimization - 8th International Conference,
               Lion 8, Gainesville, FL, USA, February 16-21, 2014. Revised Selected
               Papers},
  pages     = {111--120},
  year      = {2014},
  crossref  = {DBLP:conf/lion/2014},
  url       = {http://dx.doi.org/10.1007/978-3-319-09584-4_12},
  doi       = {10.1007/978-3-319-09584-4_12},
  timestamp = {Fri, 01 Aug 2014 14:31:59 +0200},
  biburl    = {http://dblp.uni-trier.de/rec/bib/conf/lion/SegundoLB14},
  bibsource = {dblp computer science bibliography, http://dblp.org}
}

@proceedings{DBLP:conf/lion/2014,
  editor    = {Panos M. Pardalos and
               Mauricio G. C. Resende and
               Chrysafis Vogiatzis and
               Jose L. Walteros},
  title     = {Learning and Intelligent Optimization - 8th International Conference,
               Lion 8, Gainesville, FL, USA, February 16-21, 2014. Revised Selected
               Papers},
  series    = {Lecture Notes in Computer Science},
  volume    = {8426},
  publisher = {Springer},
  year      = {2014},
  url       = {http://dx.doi.org/10.1007/978-3-319-09584-4},
  doi       = {10.1007/978-3-319-09584-4},
  isbn      = {978-3-319-09583-7},
  timestamp = {Fri, 01 Aug 2014 14:28:28 +0200},
  biburl    = {http://dblp.uni-trier.de/rec/bib/conf/lion/2014},
  bibsource = {dblp computer science bibliography, http://dblp.org}
}

@article{DBLP:journals/cor/SegundoNB15,
  author    = {Pablo San Segundo and
               Alexey Nikolaev and
               Mikhail Batsyn},
  title     = {Infra-chromatic bound for exact maximum clique search},
  journal   = {Computers {\&} {OR}},
  volume    = {64},
  pages     = {293--303},
  year      = {2015},
  url       = {http://dx.doi.org/10.1016/j.cor.2015.06.009},
  doi       = {10.1016/j.cor.2015.06.009},
  timestamp = {Fri, 11 Dec 2015 11:06:11 +0100},
  biburl    = {http://dblp.uni-trier.de/rec/bib/journals/cor/SegundoNB15},
  bibsource = {dblp computer science bibliography, http://dblp.org}
}

@inproceedings{DBLP:conf/lion/LiJX15,
  author    = {Chu{-}Min Li and
               Hua Jiang and
               Ruchu Xu},
  title     = {Incremental MaxSAT Reasoning to Reduce Branches in a Branch-and-Bound
               Algorithm for MaxClique},
  booktitle = {Learning and Intelligent Optimization - 9th International Conference,
               {LION} 9, Lille, France, January 12-15, 2015. Revised Selected Papers},
  pages     = {268--274},
  year      = {2015},
  crossref  = {DBLP:conf/lion/2015},
  url       = {http://dx.doi.org/10.1007/978-3-319-19084-6_26},
  doi       = {10.1007/978-3-319-19084-6_26},
  timestamp = {Wed, 09 Dec 2015 15:58:37 +0100},
  biburl    = {http://dblp.uni-trier.de/rec/bib/conf/lion/LiJX15},
  bibsource = {dblp computer science bibliography, http://dblp.org}
}

@proceedings{DBLP:conf/lion/2015,
  editor    = {Clarisse Dhaenens and
               Laetitia Jourdan and
               Marie{-}El{\'{e}}onore Marmion},
  title     = {Learning and Intelligent Optimization - 9th International Conference,
               {LION} 9, Lille, France, January 12-15, 2015. Revised Selected Papers},
  series    = {Lecture Notes in Computer Science},
  volume    = {8994},
  publisher = {Springer},
  year      = {2015},
  url       = {http://dx.doi.org/10.1007/978-3-319-19084-6},
  doi       = {10.1007/978-3-319-19084-6},
  isbn      = {978-3-319-19083-9},
  timestamp = {Thu, 18 Jun 2015 13:37:00 +0200},
  biburl    = {http://dblp.uni-trier.de/rec/bib/conf/lion/2015},
  bibsource = {dblp computer science bibliography, http://dblp.org}
}

